1393 2376
298 58 370 95 ΕΞ
551 53 581 109 67

46 163 66 207 ri
77 160 159 221 potuit,
180 169 263 206 utnon
275 158 313 204 nifi
324 159 373 219 poll
384 160 457 221 plures
469 173 537 206 annos
548 163 618 209 ver-fio

45 230 81 275 illa
97 229 248 290 perficeretur,
275 244 340 288 quarn
357 229 486 284 Demetrius
503 230 628 285 Phalereusv

46 292 166 343 Ptolemaeo
184 299 239 356 Lagi
254 295 345 341 luasrllet
360 297 485 342 curandam.
536 300 618 359 Neque

45 366 95 412 hac>
101 367 178 426 opinio
190 367 254 427 plane
265 380 322 410 nova
334 371 353 410 dt
365 365 462 410 inustam
473 367 574 425 cuiquam
585 369 619 411 vi-

48 435 96 479 deri
111 436 203 494 poterit.
244 435 372 478 Perizonius
380 436 446 489 ¹*enim
454 433 498 489 jam
510 435 566 487 hanc
577 435 618 492 hy-

47 502 149 565 pothefin
160 502 187 547 ad
200 503 283 548 Aeliani
292 507 355 552 Varr¹
367 502 433 548 Histt.
446 505 483 555 ΙΙΙ,
498 502 524 553 ιή
537 504 618 556 attulit,

47 580 140 634 eamque
165 571 259 617 firmavit
282 569 403 617 traditione
425 574 459 636 illa
482 573 617 630 Judaeorum,

46 640 187 688 Demetrium
197 643 331 694 Phalereum,
361 645 399 703 qui
411 642 501 703 quidem
511 640 553 698 jam
564 643 618 688 inde

47 712 149 757 abssinitio
161 714 225 770 regni
235 711 377 771 Philadelphi,
399 713 445 756 aula
457 711 565 772 expulsus,
592 714 617 757 in

44 780 133 826 vvincula
144 780 261 836 vconjetlus
279 794 332 833 etat,
356 781 409 826 huic
425 781 566 840 Philadelpho
579 796 618 826 au-

46 851 129 894 uorem
141 848 242 893 exslitisse
254 849 407 893 Alexandrina
419 848 523 894 verfionis
538 850 617 894 curan·

48 918 88 962 dae.
125 920 179 979 Quae
190 918 316 974 judaeorum
326 912 416 962 traditio
429 919 503 970 docet,
520 933 549 983 eu
559 918 617 963 illius

45 988 163 1032 Perizonii'
174 983 287 1039 sententia,
315 988 455 1031 Demetrium
469 989 555 1032 merito
572 988 618 1047 pri-

45 1061 109 1100 muni
115 1058 232 1107 aullooem,
250 1055 401 1116 suasoremque
413 1056 478 1113 hujus
489 1058 562 1117 operis
574 1055 617 1101 sus-

46 1124 151 1185 cipiendi,
174 1124 217 1181 else
234 1124 370 1168 habendum:
394 1140 444 1169 eun
459 1139 513 1169 vero
531 1124 620 1170 confili-

46 1209 84 1239 um
100 1194 145 1238 hoc
161 1202 206 1237 non
224 1192 305 1238 dedisse
320 1193 356 1238 suh
370 1195 463 1254 irnperio
477 1195 617 1254 Philadelphi,

46 1262 150 1319 cujusl
119 1253 150 1319 iul
150 1262 192 1306 l'u
186 1277 207 1306 in
219 1263 303 1307 vincula
317 1277 362 1306 erat
372 1262 490 1318 conjeelus,
507 1264 561 1308 teste
573 1264 615 1307 Di-

45 1348 118 1401 ogene
129 1333 246 1382 Laerti0;
258 1331 295 1375 sed
307 1333 395 1377 Ptolem
394 1348 424 1376 eo
435 1346 504 1392 patre,
525 1333 562 1376 leu
573 1328 616 1377 So·

44 1393 118 1453 tere,
126 1401 198 1445 adhue
207 1414 339 1458 regnante.
374 1402 461 1463 Quanta
471 1415 545 1445 autent
556 1400 616 1460 apud

47 1471 136 1516 laune
122 1472 189 1529 gratia
205 1470 304 1520 valuerit,
326 1485 376 1512 nem
379 1486 392 1512 o
408 1468 445 1520 est
468 1471 538 1529 qui
518 1473 615 1514 ἰσηοῑεπ.

46 1542 185 1601 Quamquam
196 1539 271 1598 itaque
284 1538 435 1597 Philadelphus
448 1553 486 1582 rea
502 1540 616 1583 Demetri-

7 1633 10 1636 ·
32 1624 84 1655 ,um
103 1607 157 1652 odio
172 1607 271 1660 habebat,
294 1622 389 1667 eumque
399 1607 426 1651 ad
437 1623 532 1652 mortem
542 1615 623 1668 usqae

45 1680 69 1722 in
88 1676 180 1730 vinculis
201 1677 297 1730 tenebat,
324 1674 435 1721 confilium
454 1691 526 1721 tamen
542 1677 615 1737 magni

45 1745 150 1802 huiusi
127 1747 170 1791 vrri
185 1746 213 1791 de
229 1745 328 1791 versione
347 1733 453 1798 libiorum
469 1747 622 1791 Hebraeorum

45 1801 191 1868 conficienda,
212 1829 269 1876 patri
263 1801 379 1861 datum
363 1831 408 1860 non
419 1815 486 1860 niodo
498 1831 544 1860 non
556 1814 616 1876 spre-

43 1886 79 1931 -vit
94 1899 161 1945 atque
178 1882 269 1941 abiecit3
290 1884 327 1930 sed
339 1883 393 1930 feeit
403 1886 464 1937 tanti,
483 1899 508 1929 ut
519 1885 563 1945 ipse
575 1885 616 1928 hae

46 1969 114 2013 graeca
123 1956 307 2015 interpretatione
317 1954 472 2000 bibliothecam
482 1954 618 1999 Alexandri-

45 2037 95 2067 nam
106 2025 182 2082 augeri
191 2029 212 2069 ἃ
223 2025 296 2069 ornari
306 2036 400 2069 curaret.
432 2025 488 2069 Cum
498 2025 565 2082 igitur
575 2036 616 2067 rex

45 2106 58 2138 a
79 2092 160 2150 Judeis
178 2094 335 2142 Alexandrinis
353 2093 422 2140 libros
443 2082 532 2139 divinos
545 2106 617 2155 grece

189 2183 190 2187 ¹
565 2176 616 2208 ver·
