1393 2376
136 56 231 98 16,
344 62 418 84 ¹·-

344 87 417 97 »ιιι-

28 184 30 186 ’
98 162 241 212 Ptolemaeum
251 178 327 227 regem
338 162 396 225 apud
407 162 504 209 eundem
514 161 624 210 Aristaeam
634 164 668 211 le-

99 235 172 296 gitut2
190 236 213 280 in
227 250 270 297 qua
280 231 419 299 Athenieofis
429 233 465 278 ille
474 232 549 279 suadet
556 232 618 294 regii
639 246 666 281 ut

27 317 29 323 ’
99 317 149 363 agat
163 318 204 364 pet
213 305 296 350 litteras
308 318 358 349 cum
368 299 452 348 summo
463 302 571 356 Pontifice
582 304 666 356 Hiero·

99 371 241 432 solymitano‚
261 386 287 418 ut
302 374 321 418 is
337 371 410 416 mittat
419 373 467 432 regi
477 372 545 418 libros
557 363 666 419 Hebraeo-

98 457 149 488 rum
159 440 230 487 sacros
240 441 356 502 diligenter
367 439 497 503 descriptos,
508 445 529 488 bt
539 443 599 488 viros
610 457 665 503 pro·

99 512 149 565 bos,
170 523 237 573 atque
247 509 300 572 legis
311 509 405 568 Judaicae
415 512 508 572 peritos,
522 509 585 558 senos
597 525 611 555 e
623 508 666 560 fin-

99 580 150 642 gula
160 581 231 631 tribu,
253 581 280 625 ad
291 578 412 625 versonem
423 580 503 625 horum
513 580 619 626 librorum
631 580 666 625 di-

97 643 448 710 vinitasscriptorumcurandam,
456 648 665 710 perficiendamque.

99 721 151 771 Rex
172 719 240 778 igitur
258 719 342 779 legatos
361 717 389 762 ad
411 718 537 764 Eleazarum
559 719 666 764 summum

68 840 70 842 ,
99 786 231 850 pontificem
244 788 371 844 ludaeorum
386 800 452 848 atque
463 785 666 848 Syuedrium'mag-

101 873 162 910 trum,
173 857 290 918 quoderat
304 855 470 913 Hierosolymis,
478 856 533 902 mifit
545 857 667 913 Andream2

38 919 40 921 ¹
100 927 196 988 primum
205 926 306 986 corporis
314 924 434 978 custodem,
448 925 666 986 &Aristaeamipsum

99 996 160 1040 viros
171 996 254 1056 maguis
265 993 388 1039 honoribus
399 1007 503 1048 ornatos,
527 997 567 1056 qui
577 1007 667 1039 munera

98 1079 152 1110 vere
162 1066 223 1124 regia
238 1068 258 1108 br
269 1063 349 1112 talenta
360 1065 445 1122 argenti
455 1077 544 1109 centum
554 1066 577 1110 in
587 1062 667 1108 sacrifi-

99 1133 133 1180 cia
144 1132 296 1194 expendenda,
315 1147 365 1177 cum
381 1132 470 1193 epistola
486 1134 550 1194 regis,
563 1134 666 1178 Eleazaro

100 1199 223 1249 traderent.
264 1205 314 1266 Qua
324 1202 347 1246 in
358 1202 447 1262 epistola
457 1217 498 1247 rex
507 1201 561 1247 facit
571 1196 666 1253 mentio-

100 1287 152 1324 nem
168 1273 295 1329 Judaeorum
309 1271 474 1323 redemtorem,
496 1272 582 1332 pietatis
593 1271 633 1315 suae
643 1273 667 1316 in

100 1341 188 1394 Deum,
213 1338 348 1388 &verbonis
361 1339 467 1386 librorum
479 1340 624 1402 Hebraeorum
635 1340 668 1384 sa-

101 1410 195 1463 cienda,
219 1408 246 1454 ad
258 1425 323 1470 quam
334 1409 450 1462 curandam
459 1410 591 1470 interpretes
604 1425 616 1454 e
626 1408 668 1453 fin-

100 1481 151 1542 gula
173 1479 234 1524 tribu
255 1478 318 1524 senos
335 1477 373 1523 srbi
392 1479 451 1523 mitti
468 1478 568 1539 postulat,
613 1481 667 1523 Hoc

101 1550 161 1594 enim
177 1547 216 1593 fibi
226 1563 307 1608 magne
323 1547 397 1607 glorie
410 1544 570 1593 futurum'elle.
604 1549 669 1593 Sum·

100 1632 149 1664 mus
166 1616 269 1679 pontifex
285 1606 418 1676 insignibat
427 1618 484 1676 regis
496 1618 519 1662 in
530 1616 617 1674 Judaeos
628 1618 669 1662 be-

101 1685 221 1733 neficentia
228 1691 249 1731 bt
259 1685 387 1731 liberalitate
397 1700 481 1747 captus,
499 1678 583 1746 legatos
591 1688 668 1746 regios

99 1750 244 1802 liberalissime
260 1755 360 1815 excepit,
380 1769 466 1816 eosque
481 1754 573 1801 edocuit
589 1757 669 1810 omnia,

102 1840 152 1887 que
166 1823 305 1887 pertinebant
321 1823 349 1869 ad
365 1824 471 1885 templum
482 1824 670 1883 'Hierosolymita-

102 1910 163 1950 num,
180 1893 208 1940 ad
218 1909 254 1939 res
266 1893 341 1947 saierus,
362 1908 402 1956 per
413 1892 536 1941 sacerdotes
548 1908 671 1956 procuran-

102 1964 154 2018 das,
176 1967 197 2010 ot
212 1963 240 2009 ad
255 1978 345 2009 omnem
360 1961 444 2009 cultum
461 1962 559 2008 divinum
576 1978 605 2009 ex
621 1964 671 2024 lege

102 2033 200 2080 Mosaica
220 2032 350 2083 institutum,
395 2032 522 2078 Eleazarum
536 2029 671 2093 ¹pontificem

103 2101 190 2153 inducit
204 2101 344 2153 diss'ererrrem
358 2102 387 2150 de
400 2105 515 2168 preceptis
530 2102 572 2151 illis
584 2102 608 2148 in
621 2102 676 2163 lego

159 2202 162 2205 >
589 2168 674 2231 Mosaif
